
@incollection{Thomas97,
	Address = {Berlin},
	Author = {Thomas, Wolfgang},
	Booktitle = {Handbook of formal languages, Vol.\ 3},
	Pages = {389--455},
	Publisher = {Springer},
	Title = {Languages, automata, and logic},
	Year = 1997}


@article{courcelle1991,
	Author = {Bruno Courcelle},
	Journal = {Theoretical Computer Science},
	Number = {2},
	Pages = {153 - 202},
	Title = {The monadic second-order logic of graphs V: on closing the gap between definability and recognizability},
	Volume = {80},
	Year = {1991}}

@inproceedings{boiretReducingTransducerEquivalence2018,
	Author = {Boiret, Adrien and Pi{\'o}rkowski, Radoslaw and Schmude, Janusz},
	Booktitle = {{{Foundations}} of {{Software Technology}} and {{Theoretical Computer Science}}, {{FSTTCS}} 2018, {{Ahmedabad}}, {{India}}},
	Pages = {48:1--48:16},
	Publisher = {{Schloss Dagstuhl - Leibniz-Zentrum fuer Informatik}},
	Series = {{{LIPIcs}}},
	Title = {Reducing {{Transducer Equivalence}} to {{Register Automata Problems Solved}} by "{{Hilbert Method}}"},
	Volume = {122},
	Year = {2018}}


@article{courcelleVI,
	Author = {Bruno Courcelle},
	Journal = {Discrete Applied Mathematics},
	Number = {2},
	Pages = {117 - 149},
	Title = {The monadic second order logic of graphs VI: on several representations of graphs by relational structures},
	Volume = {54},
	Year = {1994}}


@article{seidlManethKemper2018,
	Author = {Seidl, Helmut and Maneth, Sebastian and Kemper, Gregor},
	Journal = {J. ACM},
	Month = apr,
	Number = {4},
	Title = {Equivalence of Deterministic Top-Down Tree-to-String Transducers Is Decidable},
	Volume = {65},
	Year = {2018}}

@INPROCEEDINGS{worrellBenediktDuffSharad2017, 
	author={M. {Benedikt} and T. {Duff} and A. {Sharad} and J. {Worrell}}, 
	booktitle={2017 32nd Annual ACM/IEEE Symposium on Logic in Computer Science (LICS)}, 
	title={Polynomial automata: Zeroness and applications}, 
	year={2017}, 
	volume={}, 
	number={}, 
	pages={1-12}, 
	keywords={automata theory;computational complexity;polynomials;polynomial automata;weighted automata;zeroness problem;streaming string transducers;Automata;Transducers;Complexity theory;Petri nets;Upper bound;Registers;Standards}, 
	doi={10.1109/LICS.2017.8005101}, 
	ISSN={null}, 
	month={June},}

@article{seidlMuller-polynomial-programs04,
	author = {M\"{u}ller-Olm, Markus and Seidl, Helmut},
	title = {Computing Polynomial Program Invariants},
	year = {2004},
	issue_date = {September 2004},
	publisher = {Elsevier North-Holland, Inc.},
	address = {USA},
	volume = {91},
	number = {5},
	issn = {0020-0190},
	url = {https://doi.org/10.1016/j.ipl.2004.05.004},
	doi = {10.1016/j.ipl.2004.05.004},
	journal = {Inf. Process. Lett.},
	month = sep,
	pages = {233â€“244},
	numpages = {12},
	keywords = {program analysis, abstract interpretation, program correctness, computable algebra, polynomial relation}
}



@inproceedings{groheDellRattan2018,
	Author = {Holger Dell and Martin Grohe and Gaurav Rattan},
	Booktitle = {International Colloquium on Automata, Languages, and Programming, {ICALP}, Prague, Czech Republic},
	Pages = {40:1--40:14},
	Publisher = {Schloss Dagstuhl - Leibniz-Zentrum f{\"{u}}r Informatik},
	Series = {LIPIcs},
	Title = {Lov{\'{a}}sz Meets Weisfeiler and Leman},
	Volume = {107},
	Year = {2018}}


@article{lovasz1967operations,
	Author = {Lov{\'a}sz, L{\'a}szl{\'o}},
	Journal = {Acta Mathematica Hungarica},
	Number = {3-4},
	Pages = {321--328},
	Title = {Operations with structures},
	Volume = {18},
	Year = {1967}}


@inproceedings{bojanczykOptimizingTreeDecompositions2017a,
	Author = {Boja\'nczyk, Miko{\l}aj and Pilipczuk, Michal},
	Booktitle = {{Symposium} on {Theoretical Aspects} of {Computer Science}, {STACS}, {Hannover}, {Germany}},
	Editor = {Vollmer, Heribert and Vall{\'e}e, Brigitte},
	Pages = {15:1--15:13},
	Publisher = {{Schloss Dagstuhl - Leibniz-Zentrum fuer Informatik}},
	Series = {{{LIPIcs}}},
	Title = {Optimizing {{Tree Decompositions}} in {{MSO}}},
	Volume = {66},
	Year = {2017}}


@inproceedings{alurDantoniDeshmukhYuan2013,
	Author = {Rajeev Alur and Loris D'Antoni and Jyotirmoy V. Deshmukh and Mukund Raghothaman and Yifei Yuan},
	Booktitle = {Logic in Computer Science, {LICS}, New Orleans, USA},
	Pages = {13--22},
	Publisher = {{IEEE} Computer Society},
	Title = {Regular Functions and Cost Register Automata},
	Year = {2013}}


@article{Knuth:1968aa,
	Author = {Knuth, Donald E. },
	Journal = {Mathematical systems theory},
	Number = {2},
	Pages = {127--145},
	Title = {Semantics of context-free languages},
	Volume = {2},
	Year = {1968}}

@article{bloem_comparison_2000,
	Author = {Bloem, Roderick and Engelfriet, Joost},
	Journal = {Journal of Computer and System Sciences},
	Number = {1},
	Pages = {1--50},
	Title = {A {Comparison} of {Tree} {Transductions} {Defined} by {Monadic} {Second} {Order} {Logic} and by {Attribute} {Grammars}},
	Volume = {61},
	Year = {2000}}


@article{alurStreamingTreeTransducers2017,
	Author = {Alur, Rajeev and D'Antoni, Loris},
	Journal = {J. ACM},
	Month = aug,
	Number = {5},
	Pages = {31:1--31:55},
	Title = {Streaming {{Tree Transducers}}},
	Volume = {64},
	Year = {2017}}



@article{courcelleMonadicSecondorderLogic1990,
	Author = {Courcelle, Bruno},
	Journal = {Information and Computation},
	Month = mar,
	Number = {1},
	Pages = {12-75},
	Title = {The Monadic Second-Order Logic of Graphs. {{I}}. {{Recognizable}} Sets of Finite Graphs},
	Volume = {85},
	Year = {1990}}


@article{contrerasGluingLaplacians20,
	author = {Ivan Contreras and Michael Toriyama and Chengzheng Yu},
	title = {Gluing of graph Laplacians and their spectra},
	journal = {Linear and Multilinear Algebra},
	volume = {68},
	number = {4},
	pages = {710-749},
	year  = {2020},
	publisher = {Taylor & Francis},
	doi = {10.1080/03081087.2018.1516727},
	
	URL = { 
	https://doi.org/10.1080/03081087.2018.1516727
	
	},
	eprint = { 
	https://doi.org/10.1080/03081087.2018.1516727
	
	}
	
}
@inproceedings{schwenkCospectral73,
	title={Almost all trees are cospectral},
	author={Allen J. Schwenk},
	year={1973}
}


@article{seese1991structure,
	Author = {Seese, Detlef},
	Journal = {Annals of pure and applied logic},
	Number = {2},
	Pages = {169--195},
	Title = {The structure of the models of decidable monadic theories of graphs},
	Volume = {53},
	Year = {1991}}


@book{diestel,
	Author = {Diestel, Reinhard},
	Publisher = {Springer-Verlag},
	Series = {Graduate texts in mathematics},
	Title = {Graph theory (Electronic Edition)},
	Volume = {173},
	Year = {2006}}



@book{courcelleGraphStructureMonadic2012,
	Author = {Courcelle, Bruno and Engelfriet, Joost},
	Publisher = {{Cambridge University Press}},
	Series = {Encyclopedia of Mathematics and Its Applications},
	Title = {Graph {{Structure}} and {{Monadic Second}}-{{Order Logic}} - {{A Language}}-{{Theoretic Approach}}},
	Volume = {138},
	Year = {2012}}


@article{thatcherGeneralizedFiniteAutomata1968,
	Author = {Thatcher, J. W. and Wright, J. B.},
	Journal = {Mathematical systems theory},
	Month = mar,
	Number = {1},
	Pages = {57-81},
	Title = {Generalized Finite Automata Theory with an Application to a Decision Problem of Second-Order Logic},
	Volume = {2},
	Year = {1968}}
