@article{article,
author = {Arnborg, Stefan and Courcelle, Bruno and Proskurowski, Andrzej and Seese, Detlef},
year = {1993},
month = {01},
pages = {1134-1164},
title = {An Algebraic Theory of Graph Reduction.},
volume = {40},
journal = {J. ACM}
}